@article{belkin2003laplacian,
  title={Laplacian eigenmaps for dimensionality reduction and data representation},
  author={Belkin, Mikhail and Niyogi, Partha},
  journal={Neural computation},
  volume={15},
  number={6},
  pages={1373--1396},
  year={2003}
}

@article{shuman2013emerging,
  title={The emerging field of signal processing on graphs: Extending high-dimensional data analysis to networks and other irregular domains},
  author={Shuman, David I and Narang, Sunil K and Frossard, Pascal and Ortega, Antonio and Vandergheynst, Pierre},
  journal={IEEE Signal Processing Magazine},
  volume={30},
  number={3},
  pages={83--98},
  year={2013}
}

@article{hammond2011wavelets,
  title={Wavelets on graphs via spectral graph theory},
  author={Hammond, David K and Vandergheynst, Pierre and Gribonval, R{\'e}mi},
  journal={Applied and Computational Harmonic Analysis},
  volume={30},
  number={2},
  pages={129--150},
  year={2011}
}

@article{ollivier2009ricci,
  title={Ricci curvature of Markov chains on metric spaces},
  author={Ollivier, Yann},
  journal={Journal of Functional Analysis},
  volume={256},
  number={3},
  pages={810--864},
  year={2009}
}

@article{lin2010ricci,
  title={Ricci curvature of graphs},
  author={Lin, Yong and Yau, Shing-Tung},
  journal={Tohoku Mathematical Journal},
  volume={62},
  number={2},
  pages={219--257},
  year={2010}
}

@article{grootendorst2022bertopic,
  title={BERTopic: Neural backbone for topic modeling},
  author={Grootendorst, Maarten},
  journal={Journal of Open Source Software},
  volume={7},
  number={72},
  pages={4361},
  year={2022}
}

@article{blei2003latent,
  title={Latent dirichlet allocation},
  author={Blei, David M and Ng, Andrew Y and Jordan, Michael I},
  journal={Journal of machine Learning research},
  volume={3},
  number={Jan},
  pages={993--1022},
  year={2003}
}

@inproceedings{pennington2014glove,
  title={Glove: Global vectors for word representation},
  author={Pennington, Jeffrey and Socher, Richard and Manning, Christopher D},
  booktitle={Proceedings of the 2014 conference on empirical methods in natural language processing (EMNLP)},
  pages={1532--1543},
  year={2014}
}

@article{devlin2018bert,
  title={Bert: Pre-training of deep bidirectional transformers for language understanding},
  author={Devlin, Jacob and Chang, Ming-Wei and Lee, Kenton and Toutanova, Kristina},
  journal={arXiv preprint arXiv:1810.04805},
  year={2018}
}

@article{mcinnes2018umap,
  author = {McInnes, Leland and Healy, John and Melville, James},
  title = {UMAP: Uniform Manifold Approximation and Projection for Dimension Reduction},
  journal = {Journal of Open Source Software},
  volume = {3},
  number = {29},
  pages = {861},
  year = {2018}
}